<record><leader>00000cas a2200000 a 4500</leader><controlfield tag="001">12621719</controlfield><controlfield tag="008">851001d18991907ksuwr ne      0    0eng d</controlfield><datafield ind1=" " ind2=" " tag="010"><subfield code="a">sn 85030830 </subfield></datafield><datafield ind1=" " ind2=" " tag="040"><subfield code="a">KSH</subfield><subfield code="b">eng</subfield><subfield code="c">KSH</subfield><subfield code="d">NPT</subfield><subfield code="d">OCL</subfield><subfield code="d">OCLCQ</subfield><subfield code="d">DLC</subfield><subfield code="d">OCLCF</subfield></datafield><datafield ind1="1" ind2=" " tag="029"><subfield code="a">AU@</subfield><subfield code="b">000022173068</subfield></datafield><datafield ind1=" " ind2=" " tag="042"><subfield code="a">msc</subfield></datafield><datafield ind1=" " ind2=" " tag="043"><subfield code="a">n-us-ks</subfield></datafield><datafield ind1="0" ind2=" " tag="130"><subfield code="a">Goodland news (Goodland, Kan. : 1899)</subfield></datafield><datafield ind1="1" ind2="4" tag="245"><subfield code="a">The Goodland news.</subfield></datafield><datafield ind1=" " ind2=" " tag="260"><subfield code="a">Goodland, Kan. :</subfield><subfield code="b">E.F. Tennant,</subfield><subfield code="c">1899-1907.</subfield></datafield><datafield ind1=" " ind2=" " tag="300"><subfield code="a">10 v. :</subfield><subfield code="b">ill. ;</subfield><subfield code="c">50 cm.</subfield></datafield><datafield ind1=" " ind2=" " tag="310"><subfield code="a">Weekly</subfield></datafield><datafield ind1="0" ind2=" " tag="362"><subfield code="a">Vol. 2, no. 5 (May 20, 1899)-v. 12, no. 34 (May 30, 1907).</subfield></datafield><datafield ind1=" " ind2=" " tag="500"><subfield code="a">Publisher varies.</subfield></datafield><datafield ind1=" " ind2=" " tag="500"><subfield code="a">"Republican."</subfield></datafield><datafield ind1=" " ind2=" " tag="515"><subfield code="a">Numbering is irregular.</subfield></datafield><datafield ind1=" " ind2="0" tag="651"><subfield code="a">Goodland (Kan.)</subfield><subfield code="v">Newspapers.</subfield></datafield><datafield ind1=" " ind2="7" tag="655"><subfield code="a">Newspapers.</subfield><subfield code="2">fast</subfield><subfield code="0">(OCoLC)fst01423814</subfield></datafield><datafield ind1=" " ind2="7" tag="651"><subfield code="a">Kansas</subfield><subfield code="z">Goodland.</subfield><subfield code="2">fast</subfield><subfield code="0">(OCoLC)fst01217340</subfield></datafield><datafield ind1=" " ind2=" " tag="752"><subfield code="a">United States</subfield><subfield code="b">Kansas</subfield><subfield code="c">Sherman</subfield><subfield code="d">Goodland.</subfield></datafield><datafield ind1="0" ind2="0" tag="780"><subfield code="t">Goodland banner</subfield><subfield code="w">(DLC)sn 85030831</subfield></datafield><datafield ind1="0" ind2="7" tag="785"><subfield code="t">Goodland republic (Goodland, Kan. : 1891)</subfield><subfield code="x">2329-4086</subfield><subfield code="w">(DLC)sn 85030821</subfield><subfield code="w">(OCoLC)12621681</subfield></datafield><datafield ind1="0" ind2="7" tag="785"><subfield code="t">Goodland news and the Goodland republic</subfield><subfield code="w">(DLC)sn 85030824</subfield></datafield></record>